<record><leader>00000cas a22000007a 4500</leader><controlfield tag="001">28877100</controlfield><controlfield tag="008">930923c199u9999couwr ne      0   a0eng c</controlfield><datafield ind1=" " ind2=" " tag="010"><subfield code="a">sn 93004519 </subfield></datafield><datafield ind1=" " ind2=" " tag="040"><subfield code="a">NSD</subfield><subfield code="b">eng</subfield><subfield code="c">NSD</subfield><subfield code="d">OCLCQ</subfield></datafield><datafield ind1=" " ind2=" " tag="012"><subfield code="l">1</subfield></datafield><datafield ind1="0" ind2=" " tag="022"><subfield code="a">1072-1576</subfield><subfield code="l">1072-1576</subfield><subfield code="2">1</subfield></datafield><datafield ind1=" " ind2=" " tag="037"><subfield code="b">Westminster Window, POB 215, Westminster, CO 80030</subfield></datafield><datafield ind1=" " ind2=" " tag="042"><subfield code="a">nsdp</subfield><subfield code="a">pcc</subfield></datafield><datafield ind1="0" ind2=" " tag="130"><subfield code="a">Westminster window (1993)</subfield></datafield><datafield ind1=" " ind2="0" tag="222"><subfield code="a">Westminster window</subfield><subfield code="b">(1993)</subfield></datafield><datafield ind1="1" ind2="0" tag="245"><subfield code="a">Westminster window.</subfield></datafield><datafield ind1=" " ind2=" " tag="260"><subfield code="a">Westminster, CO :</subfield><subfield code="b">MetroNorth Newspapers</subfield></datafield><datafield ind1=" " ind2=" " tag="300"><subfield code="a">v.</subfield></datafield><datafield ind1=" " ind2=" " tag="310"><subfield code="a">Weekly</subfield></datafield><datafield ind1=" " ind2=" " tag="588"><subfield code="a">Description based on surrogate of: Vol. 46, issue 44 (July 8, 1993).</subfield></datafield><datafield ind1=" " ind2=" " tag="752"><subfield code="a">United States</subfield><subfield code="b">Colorado</subfield><subfield code="c">Adams</subfield><subfield code="d">Westminster.</subfield></datafield><datafield ind1="0" ind2="0" tag="780"><subfield code="t">Westminster window and Westminster sentinel</subfield><subfield code="w">(DLC)sn 91052626</subfield></datafield><datafield ind1="1" ind2=" " tag="029"><subfield code="a">AU@</subfield><subfield code="b">000025890860</subfield></datafield></record>